@article{Jian Li2012,
  title={Research on Vibration Control Method of Steel Strip for a Continuous Hot-dip Galvanizing Line},
  author={Jian Li and Yun-Hui Yan and Xing-Hui Guo and Yan-Qing Wang},
  journal={ISIJ International},
  volume={52},
  number={6},
  pages={1072-1079},
  year={2012},
  doi={10.2355/isijinternational.52.1072}
}