%% downloaded originals can be found in the folder

@article{WANG1999467,
title = "Numerical analysis of moving orthotropic thin plates",
journal = "Computers and Structures",
volume = "70",
number = "4",
pages = "467 - 486",
year = "1999",
issn = "0045-7949",
author = "Xiaodong Wang",
}


@article{KOIVUROVA1999845,
title = "Comments on non-lineqt formulations for Travelling String And Beam Problems",
journal = "Journal of Sound and Vibration",
volume = "225",
number = "5",
pages = "845 - 856",
year = "1999",
issn = "0022-460X",
author = "Koivurova,H and Salonen,E.M"
}

@article{STEINBOECK2015598,
title = "Dynamical Models of Axially Moving Rods with Tensile and Bending Stiffness",
journal = "IFAC-PapersOnLine",
volume = "48",
number = "1",
pages = "598 - 603",
year = "2015",
note = "8th Vienna International Conferenceon Mathematical Modelling",
issn = "2405-8963",
author = "A. Steinboeck and M. Baumgart and G. Stadler and M. Saxinger and A. Kugi",
}


@article{CHEN2006996,
title = "Vibration and stability of an axially moving viscoelastic beam with hybrid supports",
journal = "European Journal of Mechanics - A/Solids",
volume = "25",
number = "6",
pages = "996 - 1008",
year = "2006",
issn = "0997-7538",
author = "Li-Qun Chen and Xiao-Dong Yang",
}


@article{CHANG20101482,
title = "Vibration and stability of an axially moving Rayleigh beam",
journal = "Applied Mathematical Modelling",
volume = "34",
number = "6",
pages = "1482 - 1497",
year = "2010",
issn = "0307-904X",
author = "Jer-Rong Chang and Wei-Jr Lin and Chun-Jung Huang and Siu-Tong Choi",
}

@article{KIM2003679,
title = "Parametric resonance of plates in a sheet metal coating process",
journal = "Journal of Sound and Vibration",
volume = "268",
number = "4",
pages = "679 - 697",
year = "2003",
issn = "0022-460X",
author = "C.H. Kim and N.C. Perkins and C.W. Lee"
}

@article{2005_jet_finish,
  title={Mathematical Modelling of Jet Finishing Process for Hot-dip Zinc Coatings on Steel Strip},
  author={Pravin Naphade and Ananya Mukhopadhyay  and Shantanu Chakrabarti},
  journal={ISIJ International},
  volume={45},
  number={2},
  pages={209-213},
  year={2005},
}


% In folder Bought Article
@article{doi:10.1002/nme.1620020210,
author = {Smith, Ian M. and Duncan, William},
title = {The effectiveness of excessive nodal continuities in the finite element analysis of thin rectangular and skew plates in bending},
journal = {International Journal for Numerical Methods in Engineering},
volume = {2},
number = {2},
pages = {253-257},
year={1970},
}


% In folder Bought Article
@article{doi:10.1680/iicep.1964.10014,
author = {Zienkiewicz, O C and Cheung, Y K},
title = {The Finite Element Method For Analysis of Elastic Isotropic and Orthotropic Slabs.},
journal = {Proceedings of the Institution of Civil Engineers},
volume = {28},
number = {4},
pages = {471-488},
year = {1964},
}



@article{doi:10.1002/nme.1620210213,
author = {Bathe, Klaus-JÃ¼rgen and Dvorkin, Eduardo N.},
title = {A four-node plate bending element based on Mindlin/Reissner plate theory and a mixed interpolation},
journal = {International Journal for Numerical Methods in Engineering},
volume = {21},
number = {2},
pages = {367-383},
year={1985},
}




@article{JianLi2012,
  title={Research on Vibration Control Method of Steel Strip for a Continuous Hot-dip Galvanizing Line},
  author={Jian Li and Yun-Hui Yan and Xing-Hui Guo and Yan-Qing Wang},
  journal={ISIJ International},
  volume={52},
  number={6},
  pages={1072-1079},
  year={2012},
}



@article{SAXINGER2016190,
title = "Dynamical Model of Axially Moving Steel Strips",
journal = "IFAC-PapersOnLine",
volume = "49",
number = "20",
pages = "190 - 195",
year = "2016",
note = "17th IFAC Symposium on Control, Optimization and Automation in Mining, Mineral and Metal Processing MMM 2016",
issn = "2405-8963",
author = "M. Saxinger and A. Steinboeck and M. Baumgart and A. Kugi",
}


@Article{Baumgart2017,
author="Baumgart, Michael
and Steinboeck, Andreas
and Saxinger, Martin
and Kugi, Andreas",
title="Elasto-plastic bending of steel strip in a hot-dip galvanizing line",
journal="Acta Mechanica",
year="2017",
month="Jul",
day="01",
volume="228",
number="7",
pages="2455--2470",
}

%%%%%%%%%%%%%%%%%%%%%%%%%%%%%%%%%%%%%%%
%%% Manual Creation%%%%%%%%%%%%%%%%%
%%%%%%%%%%%%%%%%%%%%%%%%%%%%%%%%%%%%%%


@incollection{ZIENKIE_BOOK_STRUCT_CH11,
author = "Zienkiewicz,O.C and Taylor, R.L",
title = {Chapter 11 - Plate bending approximation : thin (Kirchhoff) plates and C1 continuity requirements} ,
booktitle = {The Finite Element Method for Solids and Structural Mechanics},
year = {2005},
edition = {6},
publisher = {Elsevier Science},
}





@Article{HAM_MASS_VAR,
author = {McIver,D.B},
title = {Hamilton's principle for systems of changing mass},
journal = {Journal of Engineering Mathematics},
year = {1973},
volume = {7},
pages = {"249 - 261"},
}




@Book{MATLAB_FEM,
author = {Ferreira,A.J.M},
title = {MATLAB Codes for Finite Element Analysis},
publisher = {Springer},
year = {2009}
}




@incollection{FEM_MATLAB,
author = {Young,W.Kwon and Hyochoong,Bang},
title = {Chapter 11 - Control of Flexible Structure} ,
booktitle = {The Finite Element Method using MATLAB},
publisher = {CRC press},
year = {1997}
}

@MastersThesis{ANA_FEM_Plate_MIT,
author = {Alexander, G. Iosilevich},
title = {An Analysis of finite element for plate bending problems},
school = {Massachusetts Institute of Technology},
year = {1994},
}

@book{TIMOPLATES,
title = "Theory of Plates and Shells",
author = "Timoshenko,S and Krieger,S.Woinowsky",
year = 1987,
Publisher = "McGraw-Hill Book Company",
edition=2,
}




@book{LEISSA_NASA,
title = "Vibration Of Plates",
author = "W.Leissa,Arthur",
year = 1969,
Publisher = "National Aeronautics And Space Administration",
}


@book{BookDynmicMarynowiski2008,
title = "Dynamics of the Axially Moving Orthotropic Web",
author = "Marynowski,Krzysztof",
year = 2008,
Publisher = "Springer"
}


@incollection{NumMethodBookString2013,
chapter = 22,
title = "Dynamic Behaviour of a Travelling Viscoelastic Band in Contact With Rollers",
author="Saksa, Tytti
and Banichuk, Nikolay
and Jeronen, Juha
and Kurki, Matti
and Tuovinen, Tero",
booktitle = "Numerical Methods for Differential Equations, Optimization, and Technological Problems",
pages = "393 -- 408",
year = 2003,
}

@Book{ShellsandPlates_Gould,
author = {Phillip L.Gould},
title = {Analysis of Shells and Plates},
publisher = {Springer-Verlag New York Inc},
year = {1988},
edition = {1},
}

@Article{CHOI20021,
author = {Ji-Yun, Choi and Keum-Shik, Hong and Chang-Do, Huh},
title = {Vibration Control of an Axially Moving Strip by a Non-linear Boundary Control},
journal = {IFAC Proceedings Volumes},
year = {2002},
volume = {53},
number = {1},
pages = {1-6},
note = {"15th IFAC World Congress"},
}


@Article{Chen_2013_Hot_Dip,
author = {Peng,Li and Han,Chen},
title = {Vibration Analysis of Steel Strip Continuous Hot-Dip Galvanizing Process},
journal = {Journal of Applied Mathematics and Physics},
year = {2013},
volume = {1},
pages = {31-36},
}

@Article{Moving_sandwich,
author = {Katica,Hendrih},
title = {Transversal vibration of the axially moving sandwich belts},
journal = {Arch Appl Mech},
year = {2007},
volume = {77},
issue = {7},
pages = {523-539},
month = {July},
publisher={Springer-Verlag}
}

@Article{Moving_beam,
author = {Li-Qun,Chen},
title = {Nonlinear Vibrations of Axially Moving Beams},
journal = {InTech,Nonlinear Dynamics},
year = {2010},
publisher={Todd Evans(Ed.)}
}

@Article{Moving_TIM_Beam,
author = {Ghayesh, M.H and Amabili,Marco},
title = {Three-Dimensional nonlinear planer dynamics of an axially moving Timoshenko beam},
journal = {Arch Appl Mech},
year = {2013},
volume = {83},
issue={4},
pages = {591-604},
month = {April},
publisher={Springer-Verlag}
}

@thesis{moving_membrane_with_air_roller,
author = {Koivurova,Hannu},
title = {Dynamic Behaviour of an Axially Moving Membrane Interacting With the Surrounding Air and Making Contact with Supporting Structure},
institution = {University of Oulu},
year = {1998},
location = {Oulu},
month = {April},
}

@Article{non_moving_mem_fem,
author = {H. Koivurova and A. Pramila},
title = {Nonlinear Vibration of Axially Moving Membrane by Finite Element Method},
journal = {Computational Mechanics},
year = {1997},
publisher={Springer-Verlag},
volume = {20},
issue={6},
pages = {573-581},
month = {November},
}

@Article{string_biblio,
author = {Chen, L},
title = {Analysis and Control of Transverse Vibration of Axially Moving Strings},
journal = {ASME. Appm. Mech. Rev.},
year = {2005},
volume = {58},
issue={2},
pages = {91-116},
}



@Book{StatAndDynaforshearcorrect,
author = {Huang,Hou-Cheng},
title = {Static and Dynamic Analysis of Plates and Shells},
publisher = {Springer-Verlag New York Inc},
year = {1989},
}


@Book{PlateandFEM,
author = {Blaauwendraad,Johan},
title = {Plates and FEM, Surprises and Pitfalls},
publisher = {Springer New York Inc},
year = {2010},
}


@Article{specht,
author = {Specht, Bernhard},
title = {Modified shape function for the three node plate element passis the patch test},
journal = {International Journal for Numerical Methods in Engineering},
year={1988},
volume = {26},
number={3},
pages = {705-715},
}